@article{Mazliak_Nourdin,
  title={Optimal control for rough differential equations},
  author={Mazliak, Laurent and Nourdin, Ivan},
  journal={Stochastics and Dynamics},
  volume={8},
  number={01},
  pages={23--33},
  year={2008},
  publisher={World Scientific}
}

@article{Chakraborty_Honnappa_Tindel,
  title={Pathwise Relaxed Optimal Control of Rough Differential Equations},
  author={Chakraborty, Prakash and Honnappa, Harsha and Tindel, Samy},
  journal={arXiv preprint arXiv:2402.17900},
  year={2024}
}

@article{Tang_Tran_Zhang,
  title={Policy iteration for the deterministic control problems--a viscosity approach},
  author={Tang, Wenpin and Tran, Hung Vinh and Zhang, Yuming Paul},
  journal={arXiv preprint arXiv:2301.00419},
  year={2023}
}

@article{Friz_Hocquet_Le,
  title={Rough stochastic differential equations},
  author={Friz, Peter K and Hocquet, Antoine and L{\^e}, Khoa},
  journal={arXiv preprint arXiv:2106.10340},
  year={2021}
}



@ARTICLE{CCHS3d,
       author = {{Chandra}, Ajay and {Chevyrev}, Ilya and {Hairer}, Martin and {Shen}, Hao},
        title = "{Stochastic quantisation of Yang-Mills-Higgs in 3D}",
      journal = {arXiv e-prints},
     keywords = {Mathematics - Probability, Mathematical Physics, Mathematics - Analysis of PDEs},
         year = 2022,
        month = jan,
archivePrefix = {arXiv},
       eprint = {2201.03487},
 primaryClass = {math.PR},
       adsurl = {https://ui.adsabs.harvard.edu/abs/2022arXiv220103487C},
      adsnote = {Provided by the SAO/NASA Astrophysics Data System}
}


@article {CCHS2d,
    AUTHOR = {Chandra, Ajay and Chevyrev, Ilya and Hairer, Martin and Shen,
              Hao},
     TITLE = {Langevin dynamic for the 2{D} {Y}ang-{M}ills measure},
   JOURNAL = {Publ. Math. Inst. Hautes \'{E}tudes Sci.},
  FJOURNAL = {Publications Math\'{e}matiques. Institut de Hautes \'{E}tudes
              Scientifiques},
    VOLUME = {136},
      YEAR = {2022},
     PAGES = {1--147},
      ISSN = {0073-8301},
   MRCLASS = {81T08 (58J35 60H15 60J25 81T13)},
  MRNUMBER = {4517645},
MRREVIEWER = {Jiang Lun Wu},
       DOI = {10.1007/s10240-022-00132-0},
       URL = {https://doi.org/10.1007/s10240-022-00132-0},
}

